<record><leader>00000cas a22000007a 4500</leader><controlfield tag="001">10815679</controlfield><controlfield tag="008">840607d18641868njudn ne      0    0eng  </controlfield><controlfield tag="009">466</controlfield><datafield ind1=" " ind2=" " tag="010"><subfield code="a">sn 84020455 </subfield></datafield><datafield ind1=" " ind2=" " tag="040"><subfield code="a">DLC</subfield><subfield code="b">eng</subfield><subfield code="c">DLC</subfield><subfield code="d">NPX</subfield><subfield code="d">NPA</subfield><subfield code="d">NJW</subfield><subfield code="d">DLC</subfield><subfield code="d">OCL</subfield><subfield code="d">DLC</subfield><subfield code="d">OCLCQ</subfield></datafield><datafield ind1="1" ind2=" " tag="029"><subfield code="a">AU@</subfield><subfield code="b">000026221872</subfield></datafield><datafield ind1=" " ind2=" " tag="042"><subfield code="a">msc</subfield></datafield><datafield ind1="0" ind2="0" tag="050"><subfield code="a">Newspaper</subfield></datafield><datafield ind1="0" ind2="0" tag="245"><subfield code="a">Jersey City daily times.</subfield></datafield><datafield ind1="3" ind2="0" tag="246"><subfield code="a">Daily times</subfield></datafield><datafield ind1=" " ind2=" " tag="260"><subfield code="a">Jersey City, N.J. :</subfield><subfield code="b">J.E. Dunham and Z.K. Pangborn,</subfield><subfield code="c">1864-1868.</subfield></datafield><datafield ind1=" " ind2=" " tag="300"><subfield code="a">v.</subfield></datafield><datafield ind1=" " ind2=" " tag="310"><subfield code="a">Daily (except Sun.)</subfield></datafield><datafield ind1="0" ind2=" " tag="362"><subfield code="a">Vol. 1, no. 1 (Sept. 14, 1864)-v. 5, no. 3 (Sept. 16, 1868).</subfield></datafield><datafield ind1=" " ind2=" " tag="500"><subfield code="a">Publishers: J.E. Dunham and Z.K. Pangborn, &lt;1864&gt;; E. Jardine, &lt;1868&gt;.</subfield></datafield><datafield ind1=" " ind2=" " tag="500"><subfield code="a">Editors: Zebina Kellogg Pangborn, &lt;1864&gt;; Joseph A. Dear, &lt;1868&gt;.</subfield></datafield><datafield ind1=" " ind2=" " tag="530"><subfield code="a">Also issued on microfilm as part of the Civil War newspapers collection.</subfield></datafield><datafield ind1="1" ind2=" " tag="700"><subfield code="a">Dear, Joseph A.</subfield></datafield><datafield ind1=" " ind2=" " tag="752"><subfield code="a">United States</subfield><subfield code="b">New Jersey</subfield><subfield code="c">Hudson</subfield><subfield code="d">Jersey City.</subfield></datafield><datafield ind1="0" ind2=" " tag="775"><subfield code="t">New Jersey weekly times</subfield><subfield code="w">(DLC)sn 85025084</subfield><subfield code="w">(OCoLC)11571016</subfield></datafield><datafield ind1="0" ind2="4" tag="780"><subfield code="t">Jersey City daily advocate. And Hudson County observer</subfield><subfield code="w">(DLC)sn 84025702</subfield><subfield code="w">(OCoLC)10293502</subfield></datafield><datafield ind1="0" ind2="4" tag="780"><subfield code="t">Jersey City chronicle</subfield><subfield code="w">(DLC)sn 84031676</subfield><subfield code="w">(OCoLC)11226147</subfield></datafield><datafield ind1="0" ind2="0" tag="785"><subfield code="t">Daily times (Jersey City, N.J.)</subfield><subfield code="w">(DLC)sn 84020456</subfield><subfield code="w">(OCoLC)10815819</subfield></datafield></record>